
@phdthesis {Wald04,
	author="Ingo Wald",
	title="Realtime Raytracing and Interactive Global Illumination",
	school="Universitaet Saarland",
	year="2004"
}

@article {Purcell04,
	author="Timothy John Purcell",
	title="Ray Tracing on a Stream Processor",
	year="2004"
}
 
@mastersthesis {Christen05,
	author="Martin Christen",
	title="Ray Tracing on GPU",
	year="2005",
	school="University of Applied Sciences of Basel"
}

@mastersthesis {Pablo05,
	author="Pablo Nigorra Pascual",
	title="Ray Tracing on the Cell BE",
	year="2005",
	school="University of Applied Sciences of Stuttgart"
}


@manual{IBMhb06,
	TITLE="Cell Broadband Engine Programming Handbook",
	ORGANIZATION="IBM",
	YEAR="2006"
}

@manual{IBMhba06,
	TITLE="Cell Broadband Engine Architecture",
	ORGANIZATION="IBM",
	YEAR="2006"
}

@article{light-buffer,
	AUTHOR="Haines E. A. and D. P. Greenberg",
	TITLE="The Light Buffer: A Ray Tracer Shadow Testing Accelerator",
	JOURNAL="IEEE Computer Graphics and Applications",
	YEAR="September 1986",
	PAGES="6-16"
}

@article{Molnar94,
	AUTHOR="S. Molnar M. Cox D. Ellsworth and H. Fuchs",
	TITLE="A Sorting Classification of Parallel Rendering",
	JOURNAL="IEEE Computer Graphics and Applications",
	YEAR="1994",
	PAGES="23-32"
}


@article{octrees,
	AUTHOR="Andrew S. Glassner",
	TITLE="Space subdivision for fast ray tracing",
	JOURNAL="IEEE Computer Graphics and Applications",
	YEAR="October 1984",
	PAGES="15-22"
}

@article{shadow-buffer,
	AUTHOR="Pearc A. Jevans D",
	TITLE="Exploiting shadow coherence in ray tracing",
	JOURNAL="Proceedings of Graphics interface",
	YEAR="1991",
	PAGES="109-116"
}


@article{MahovskyWyvill04,
  author = "Jeffrey Mahovsky and Brian Wyvill",
  title = "Fast Ray-Axis Aligned Bounding Box Overlap Tests with Pl√ºcker Coordinates",
  journal = "journal of graphics tools",
  volume = "9",
  number = "1",
  pages = "35-46",
  year = "2004",
}

@article{HallTreeDepth83,
  author = "R. A. Hall and D. P. Greenberg",
  title = "A testbed for realistic image synthesis",
  journal = "IEEE Computer Graphics and Applications",
  pages = "10-20",
  year = "1983",
}
@article{KaplanM87,
	author="Kaplan M.",
	title="The Use of Spatial Coherence in Ray Tracing",
	journal="Techniques for Computer Graphics",
	year="1987",
	pages="173-193"
}

@article{ChapmanCalvertDill90,
	author="J. Chapman  T. W. Calvert and J. Dill",
	title="Exploiting temporal coherence in ray tracing",
	journal="In Proceedings of Graphics Interface '90",
	year="1990",
	pages="196-204"
}

@article{Ma98,
	author="Wan-Chun Ma Chia-Lin Yang",
	title="Using Intel Streaming SIMD Extensions for 3D Geometry Processing",
	year="1996",
}


@Article{Wald06Grid,
	title="Ray Tracing Animated Scenes using Coherent Grid Traversal",
	author="Ingo Wald and Thiago Ize and Andrew Kensler and Aaron Knoll
and Steven G Parker",
	year="2006",
	journal="ACM SIGGRAPH 2006"
}

@unpublished{Mosen98,
	title="An Image that Tells a Story",
	author="Fabian Mosen",
	year="1998",
	note="Online Posting N/A:
http://ourworld.compuserve.com/homepages/MichelMosen/story.htm "
}



@inbook{Glassner89,
	author="Andrew S. Glassner",
	title="An Overview of Ray Tracing",
	publisher="Academic Press",
	chapter="1",
	year="1989",
	pages="1-33"
}


@book{Glassner289,
	author="Andrew S. Glassner",
	title="An introduction to Ray Tracing",
	publisher="Academic Press",
	year="1989"
}

@book{Hearn94,
	author="Donald Hearn and M. Pauline Baker",
	title="Computer Graphics",
	year="1994",
	publisher="Prentice Hall"
}


@article{AlvyRaySmith95,
	author="Alvy Ray Smith",
	title="A Pixell Is Not A Little Square",
	journal="Microsoft Technical Memo 6",
	year="1995"
}


@article{Trumbore97,
	author="T. Moller  B. Trumbore",
	title="Fast  Minimum Storage Ray-Triangle Intersection",
	journal="Journal of Graphics Tools 1(2)",
	year="1997"
}



@article{Appel68,
	author="Arthur Appel",
	title="Some techniques for shading machine rendering of solids",
	year="1968"
}

@article{Whitted80,
	author="Turner Whitted",
	title="An improved illumination model for shaded display",
	year="1980"
}
@book{Foley90,
	author="James D. Foley",
	title="Computer Graphics : Principles and Practice Reading",
	publisher="Addison-Wesley",
	year="1990"
}



@article{ProMulltGI91,
	author="Eric Shenchang Chen Holly E. Rushmeier Gavin Miller and
Douglas Turner",
	title="A Progressive Multi-Pass Method for Global Illumniation",
	journal="Computer Graphics",
	year="1991",
	pages="164-174"
}




@proceedings{Shirley90,
	author="Peter Shirley",
	title="A Ray Tracing Method for Illumination Calculation in
Diffuse-Specular Scenes",
	journal="Proceedings of Graphics Interface",
	year="1990",
	pages="205-212"
}

@inbook{ZimmerShirley95,
	author="Peter Shirley and Kurt Zimmerman",
	chapter="A Two-Pass Solution to the Rendering Equation with a Source
Visibility Preprocess",
	title="Rendering Techniques",
	publisher="Springer-Verlag",
	year="1995"
}


@article{Henrik96,
	author="Henrik Wann Jensen",
	title="Global Illumination using Photon Maps",
	journal="Rendering Techniques '96",
	year="1996",
	pages="21-30"
}

@book{Shirley00,
	author="Peter Shirley",
	title="Realistic Ray Tracing",
	publisher="AK Peters Ltd",
	year="2000"
}


@proceedings{Kajiya86,
	author="James T. Kajiya",
	title="The Rendering Equation",
	journal="ACM Siggraph '86 Conference Proceedings",
	year="1986",
	pages="143-150"
}


@booklet{Harman04,
	title = "SPE Runtime Management Library",
	year = "2004",
	author = "N.A. Harman",
	language = "English",
	URL = "http://www.cs.swan.ac.uk/~csneal/HPM/",
	lastchecked  = "20.06.2006"
}


@booklet{tldp06,
	title = "Lex Yacc Howto",
	year = "2006",
	author = "bert hubert",
	language = "English",
	URL = "http://www.tldp.org/HOWTO/Lex-YACC-HOWTO.html",
	lastchecked  = "30.07.2006"
}


@booklet{SDL06 ,
	title = "SDL Event facility",
	year = "2006",
	author = "SDL Documentation Project",
	language = "English",
	URL="http://docs.mandragor.org/files/Common_libs_documentation/SDL/SDL_Document
atio n _project_en/sdlevent.html",
	lastchecked  = "25.07.2006"
}


@booklet{glut06,
	title = "GLUT",
	year = "2006",
	author = "Wikipedia",
	language = "English",
	URL = "http://en.wikipedia.org/wiki/GLUT",
	lastchecked  = "25.07.2006"
}

@booklet{opengl06,
	title = "OpenGL",
	year = "2006",
	author = "Wikipedia",
	language = "English",
	URL = "http://en.wikipedia.org/wiki/Opengl",
	lastchecked  = "25.07.2006"
}


@booklet{IBMhp05,
	title = "Cell Broadband Engine Architecture and its first
implementation",
	year = "2005",
	author = "Dr. Thomas Chen Dr. Ram Raghavan Jason Dale Eiji Iwata",
	language = "English",
	URL ="http://www-128.ibm.com/developerworks/power/library/pa-cellperf/",
	lastchecked  = "11.07.2006"
}



@article{Hennesy96,
	author="Anant Agarwal Mark Horowitz and John Hennessy",
	title="An analytical cache model",
	journal="ACM Transactions on Computer Systems",
	year="1989",
	pages="184-215"
}


@article{Parker99,
	author="Steven Parker William Martin Peter Pike Sloan Peter Shirley
Brian Smits and Chuck Hansen",
	title="Interactive Ray Tracing",
	journal="ACM Symposium on Interactive 3D Graphics",
	year="1999",
	pages="119-126"
}


@article{Parker199,
	author="Steven Parker\, Michael Parker Yaren Livnat Peter Pike Sloan
Chuck Hansen and Peter Shirley",
	title="Interactive Ray Tracing for volume visualization",
	journal="ACM Symposium on Interactive 3D Graphics",
	year="1999",
	pages="238-250"
}


@article{Parker299,
	author="Steven Parker Peter Shirley Yarden Livnat Charles Hansen and P
eter Pike Sloan",
	title="Interactive Ray Tracing for isosurface rendering",
	journal="ACM Symposium on Interactive 3D Graphics",
	year="1998",
	pages="233-238"
}

@article{Pharr97,
	author="Matt Pharr\, Craig Kolb\, Reid Gershbein and Pat Hanrahan",
	title="Rendering complex scenes with memory coherent Ray Tracing",
	journal="Computer Graphics",
	year="1997",
	pages="101-108"
}



@article{Wald01,
	author="Ingo Wald\, Phillip Slusallek\, Carsten Benthin and Markus
Wagner",
	title="Interactive Rendering with Coherent Ray Tracing",
	journal="EUROGRAPHICS 2001",
	year="2001"
}

@article{Cassagnabere05,
	author="Christophe Cassagnabere Francois Rousselle Christophe Renaud",
	title="Path Tracing using the AR350 processor",
	year="2005"
}

@article{Purcell03,
	author="Timothy J. Purcell Ian Buck William R. Mark Pat Hanrahan",
	title="Ray Tracing on Programmable Graphics Hardware",
	year="2003"
}


@article{Eldrigde00,
	author="Matthew Eldridge Homan Igehy and Pat Hanrahan",
	title="A fully scalable graphics architecture",
	journal="Computer Graphics",
	year="2000",
	pages="443-454"
}


@article{Wald101,
	author="Ingo Wald Phillip Slusallek",
	title="State of the Art in Interactive Ray Tracing",
	journal="EUROGRAPHICS 2001",
	year="2001"
}

@article{Kahle05,
	author="J. A. Kahle M. N. Day H. P. Hofstee C. R. Johns T. R. Maeurer
D. Shippy",
	title="Introduction to the Cell multiprocessor",
	year="2005"
}


@article{Heirich96,
	author="Alan Heirich",
	title="A scalable diffusion algorithm for dynamic mapping and load
balancing on networks of arbitrary topology",
	year="1996"
}


@article{Heirich198,
	author="Alan Heirich James Arvo",
	title="A Competitive Analysis of Load Balancing Strategies for
Parallel Ray Tracing",
	year="1998"
}

@phdthesis {Heirich298,
	author="Alan Heirich",
	title="Analysis of Scalable Algorithms for Dynamic Load Balancing and
Mapping with Application to Photo-realistic Rendering",
	school="California Institute of Technology",
	year="1998"
}


@article{Basket93,
	author="Baskett F. J. L. Hennessy",
	title="Microprocessors: from desktops to supercomputers",
	journal="Science",
	year="1998",
	pages="864-871"
}


@article{Dijkstra80,
	author="E. W. Dijkstra and C. S. Schoelten",
	title="Termination detection for diffusing computation",
	journal="Information and Processing Letters",
	year="1980",
	pages="1-14"
}


@proceedings{Heirich95,
	author="A. Heirich and S. Taylor",
	title="A parabolic load balancing method",
	journal="Proceedings of the 24th Internationl Conference on Parallel
Processing",
	year="1995",
	pages="192-202"
}



@proceedings{Heirich97,
	author="A. Heirich",
	title="A scalable diffusion algorithm for dynamic mapping and load
balancing on networks of arbitrary topology",
	journal="The International Journal of Foundations of Computer Science",
	year="1997"
}



@PhdThesis{Havran2000:PhD,
 author = "Vlastimil Havran",
 title  = "Heuristic Ray Shooting Algorithms",
 school = "Department of Computer Science and Engineering,
           Faculty of Electrical Engineering,
           Czech Technical University in Prague",
 type   = "Ph.D. Thesis",
 year   = "2000",
 month  = "November",
 url    = "http://www.cgg.cvut.cz/~havran/phdthesis.html"
}



@Article{wald:06:NlogN,
	title	= { {On} {building} {fast} {kd-trees} {for} {ray} {tracing,}
{and} {on} {doing} {that} {in} {O(N} {log} {N)}},
	author	= { Ingo Wald },
	year	= { 2006 },
	journal	= { Technical Report, SCI Institute, University of Utah, No
UUSCI-2006-009 (submitted for publication) }
}


@article{Cook86,
	author="R. L. Cook",
	title="Stochastic sampling in computer graphics",
	journal="ACM Trans. Graph.",
	year="1986",
	pages="51-72"
}



@booklet{Bergmann05,
	title = "The cell programming model",
	year = "2005",
	author = "Arnd Bergmann",
	language = "English",
	URL = "http://www-128.ibm.com/developerworks/linux/library/pa-cell",
	lastchecked  = "20.06.2006"
}


@booklet{Bsc06,
	title = "x86 Hosted Environment of the Cell Broadband Engine Version
1.0",
	year = "2006",
	
	language = "English",
	URL =
"http://www.bsc.es/projects/deepcomputing/linuxoncell/cbexdev.html?S_TACT=105AGX
16&S_CMP=DWPA",
	lastchecked  = "20.06.2006"
}


@article{STI05,
	author="SCEI/Toshiba/IBM",
	title="A Remote Procedure Call Implementaiont for the Cell Broadband
Architecture",
	journal="Whitepaper",
	year="2005",
	pages="1-17"
}


@manual{IBMle06,
	TITLE="SPU C/C++ langauge extensions",
	ORGANIZATION="IBM",
	YEAR="2006"
}


@article {Schmittler04,
	author="Joerg Schmittler Daniel Pohl Tim Dahmen Christian Vogelgesang and Philipp Slusallek",
	title="Realtime Ray Tracing for Current and Future Games",
	year="2004"

}
@proceedings {Wds04,
	author="Ingo Wald A. Dietrich and P. Slusallek",
	title="An interactive out-of-core rendering framework
        procedforvisualizing massively complex models",
	 journal="Proceedings of Eurographics Symposium on Rendering",
	year="2004"
}
@proceedings {Wbs03,
	author="I. Wald C.  Benthin and P. Slusallek",
	title="Distributed Interactive Ray Tracing of Dynamic Scenes",
	journal="Proceedings of the IEEE Symposium on Parallel and Large-Data
Visulization and Graphics",
	year="2003"
}
@article {Bws03,
	author="C. Benthin I. Wald and P. Slusallek",
	title="A Scalable Approach to Interactvie Global Illumination",
	journal="Computer Graphics Forum",
	year="2003",
	pages="621-630"
}
@proceedings {Gws04,
	author="J. Guenther I. Wald and P. Slusallek",
	title="Realtime caustics using distributed photon mapping",
	journal="Proceedings of Eurographics Symposium on Rendering 2004",
	year="2004"
}



@article{ Elsaesser98,
	author="Robert Elsaesser Burkhard Monien Robert Preis",
	title="Diffusive Load Balancing Schemes on Heterogeneous Networks",
	year="1998"
}



@PhdThesis{Arndt03,
 author = "Holger Arndt",
 title  = "Loadbalancing auf Parallelrechnern mit Hilfe endlicher
Dimension-Exchange-Verfahren",
 school = "Bergische Universitaet Wuppertal,
           Fachbereich Mathematik",
 type   = "Ph.D. Thesis",
 year   = "2003",
 month  = "Juli"
}

@booklet{Wiki06,
	title = "Caustic (optics)",
	year = "2006",
	author = "Wikipedia",
	language = "English",
	URL = "http://en.wikipedia.org/wiki/Caustic_optics",
	lastchecked  = "1.07.2006"
}



@proceedings{Muthu96,
	author="S. Muthukrishnan Bhaskar Ghosh and Martin H. Schultz",
	title="First and secon order diffusive methods for rapid, coarse,
distributed load balancing",
	journal="Proceedings of the 8th annual ACM symposium on Parallel
algorithms",
	year="1996",
	pages="72-81"
}



@book{Fiorini78,
	author="S. Foirini and R. J. Wilson",
	title="Edge-coloring of graphs",
	year="1990"
}


@article{Hosseini90,
	author="S. H. Hosseini B. Litow M. Malkawi J. Mcpherson and K. Vairavan",
	title="Analysis of a graph coloring based distributed load balancing algorithm",
	journal="Journal of Parallel and Distributed Computing",
	pages="160-166",
	year="1990"
}

@article{Cybenko89,
	author="George Cybenko",
	title="Dynamic Load Balancing for Distributed Memory Mulitprocessors",
	journal="Journal of Parallel and Distributed Computing",
 	pages="279-301",
	year="1989"
}


@proceedings{Woo87,
	author="John Amanatides Andrew Woo",
	title="A Fast Voxel Traversal Algorithm for Ray Tracing",
	journal="Eurographics '97",
 	pages="1-10",
	year="1987"
}




@article{Hall83,
	author="R. A. Hall and D.P. Greenberg",
	title="A Testbed for Realistic Image Synthesis",
	journal="IEEE Computer Grahpics and Applications, 3(8)",
	pages="10-20",
	year="1983"
}


@article{Ranka88,
	author="S. Ranka Y. Won and  S. Sahni",
	title="Programming a hypercube multicomputer",
	journal="IEEE Software, 5",
	pages="69-77",
	year="1988"
}





@article{Xu92,
	author="C. Z. xu and f. c. m. lau",
	title="Analysis of The Generalized Dimension Exchange Method for Dynamic Load Balancing",
	journal="Parallel and Distributed Computing 16",
	year="1992",
	pages="385-393"
}



@article{Diekmann99,
	author="R. Diekmann A. Frommer and B. Monien",
	title="Efficient schemes for nearest neighbor load balancing",
	journal="Parallel Computing",
	year="1999",
	pages="789-812"
}


@article{Diekmann97,
	author="R. Diekmann S. Muthukrishnan and M.V. Nayakkankuppam",
	title="Engineering diffusive load balancing algorithms using
experiments",
	journal="IRREGULAR '97",
	year="1997",
	pages="111-122"
}
@article{Elsaesser99,
	author="R. Elsaesser B. Monien and R. Pres",
	title="Diffusive load balancing schemes on heterogeneous networks",
	journal="12th ACM Symposium on Parallel Algorithms and Architectures",
	year="2000",
	pages="30-38"
}



@inbook{Ghosh98,
	author="B. Ghosh S. Muthukrishnan and M.H. Schultz",
	title="First- and second-order diffusive methods for rapid, coarse,
distributed load balancing",
	
	year="1998",
	pages="331-354"
}





@booklet{Part5,
	title = "An introduction to compiling for the Cell Broadband Engine
	architecture, Part 5: Managing memory",
	year = "2005",
	author = "Power Architecture Editors",
	language = "English",
	URL = "http://www-128.ibm.com/developerworks/edu/pa-dw-pa-cbecompile5-i.html?S_TACT=105AGX16&S_CMP=HP",
	lastchecked  = "14<.07.2006"
}

@booklet{Brokenshire06,
	title = "Maximizing the power of the Cell Broadband Engine processor: 25 tips to optimal application performance",
	year = "2006",
	author = "Daniel A. Brokenshire",
	language = "English",
	URL = "http://www-128.ibm.com/developerworks/power/library/pa-celltips1",
	lastchecked  = "20.07.2006"
}
